<record xmlns='http://www.loc.gov/MARC21/slim'><leader>00749cam a22002291  4500</leader><controlfield tag='001'>a2974646</controlfield><controlfield tag='003'>SIRSI</controlfield><controlfield tag='005'>20170211050002.0</controlfield><controlfield tag='008'>861122s1923    enka          000 0 eng d</controlfield><datafield ind1=' ' ind2=' ' tag='035'><subfield code='a'>(OCoLC-M)123256953</subfield></datafield><datafield ind1=' ' ind2=' ' tag='035'><subfield code='a'>(OCoLC-I)275103256</subfield></datafield><datafield ind1=' ' ind2=' ' tag='040'><subfield code='a'>CSt-H</subfield><subfield code='c'>CSt-H</subfield><subfield code='d'>OrLoB</subfield></datafield><datafield ind1=' ' ind2=' ' tag='043'><subfield code='a'>f-ua---</subfield></datafield><datafield ind1='1' ind2=' ' tag='100'><subfield code='a'>Leeder, S. H.</subfield><subfield code=' '>UNAUTHORIZED</subfield></datafield><datafield ind1='1' ind2='0' tag='245'><subfield code='a'>Veiled mysteries of Egypt and the religion of Islam.</subfield></datafield><datafield ind1=' ' ind2=' ' tag='250'><subfield code='a'>2d. ed.</subfield></datafield><datafield ind1=' ' ind2=' ' tag='260'><subfield code='a'>London :</subfield><subfield code='b'>E. Nash,</subfield><subfield code='c'>1923.</subfield></datafield><datafield ind1=' ' ind2=' ' tag='300'><subfield code='a'>xvi, 411 p. </subfield><subfield code='b'>illus.</subfield><subfield code='c'>24 cm.</subfield></datafield><datafield ind1=' ' ind2=' ' tag='596'><subfield code='a'>20</subfield></datafield><datafield ind1=' ' ind2='0' tag='651'><subfield code='a'>Egypt</subfield><subfield code='x'>Social life and customs.</subfield><subfield code=' '>^A1013269</subfield></datafield><datafield ind1=' ' ind2=' ' tag='916'><subfield code='a'>DATE CATALOGED</subfield><subfield code='b'>19950302</subfield></datafield><datafield ind1=' ' ind2=' ' tag='999'><subfield code='a'>DT70 .L484 ED.2</subfield><subfield code='w'>LC</subfield><subfield code='c'>1</subfield><subfield code='i'>36105083120993</subfield><subfield code='d'>4/11/2007</subfield><subfield code='e'>4/3/2007</subfield><subfield code='l'>SAL-PAGE</subfield><subfield code='m'>SAL</subfield><subfield code='r'>Y</subfield><subfield code='s'>Y</subfield><subfield code='t'>STKS-MONO</subfield><subfield code='u'>3/2/1995</subfield><subfield code='z'>DIGI-SENT</subfield></datafield></record>